<?xml version="1.0" encoding="UTF-8"?><collection xmlns="http://www.loc.gov/MARC21/slim"><record><leader>00551nam--2200181-i-4500</leader><controlfield tag="001">000031554</controlfield><controlfield tag="002">20161230</controlfield><controlfield tag="005">20161230201038</controlfield><controlfield tag="008">060222s1000------------r-----000-0-ger-d</controlfield><datafield ind1=" " ind2=" " tag="040"><subfield code="a">IFIN-HH</subfield></datafield><datafield ind1=" " ind2=" " tag="041"><subfield code="a">ger</subfield></datafield><datafield ind1=" " ind2=" " tag="080"><subfield code="a">539.14</subfield></datafield><datafield ind1="1" ind2=" " tag="100"><subfield code="a">Mattauch, H</subfield></datafield><datafield ind1="1" ind2="0" tag="245"><subfield code="a">Kernphysikalische tabellen. mit einer einfuhrung in die kernphysik. von dozent dr.s.flugge. mit 28 abbildungen und 8 farbigen tafeln</subfield><subfield code="c">J. mattauch</subfield></datafield><datafield ind1=" " ind2=" " tag="260"><subfield code="a">Berlin</subfield><subfield code="b">Springer-verlag</subfield><subfield code="c">1942</subfield></datafield><datafield ind1=" " ind2=" " tag="300"><subfield code="a">163P.+ TAFEL VIII</subfield></datafield><datafield ind1=" " ind2=" " tag="852"><subfield code="a">72066</subfield><subfield code="c">H.H</subfield></datafield><datafield ind1=" " ind2=" " tag="CAT"><subfield code="a">Sys</subfield><subfield code="c">20130418</subfield><subfield code="h">101348</subfield></datafield></record></collection>